ISA*00*          *00*          *ZZ*SUBMITTERS ID  *ZZ*RECEIVERS ID   *200101*1253*^*00501*000000905*0*T*|~
GS*HP*SENDER CODE*RECEIVER CODE*20200101*0802*1*X*005010X221A1~
ST*835*1234~
BPR*C*150000*C*ACH*CTX*01*999999992*DA*123456*1512345678**01*999988880*DA*98765*20200913~
TRN*1*12345*1512345678~
DTM*405*20200916~
N1*PR*CareSource Ohio~
N3*One South Main St~
N4*Dayton*OH*45402~
REF*2U*31114~
N1*PE*REGIONAL HOPE HOSPITAL*XX*6543210903~
N3*540 E Main St~
N4*Canfield*OH*44406~
LX*110212~
TS3*6543210903*11*20201231*1*211366.97****138018.4**73348.57~
TS2*2178.45*1919.71**56.82*197.69*4.23~
CLP*666123*1*211366.97*138018.4**MA*1999999444444*11*1~
CAS*CO*45*73348.57~
NM1*QC*1*JONES*SAM*O***HN*666666666A~
MIA*0***138018.4~
DTM*232*20200816~
DTM*233*20200824~
QTY*CA*8~
LX*130212~
TS3*6543210909*13*19961231*1*15000****11980.33**3019.67~
CLP*777777*1*15000*11980.33**MB*1999999444445*13*1~
CAS*CO*45*3019.67~
NM1*QC*1*BORDER*LIZ*E***HN*996669999B~
MOA***MA02~
DTM*232*20200512~
PLB*6543210903*20201231*CV:CP*-1.27~
SE*30*1234~
GE*1*1~
IEA*1*000000905~
